@ARTICLE{wessberg2000real,
				author="Wessberg, Johan and Stambaugh, Christopher",
				title="Real-time predition of hard trajectory",
				journal="Nature",
				year=2000,
				volume=408,
				number=6810,
				pages="361- -365"}
				
@BOOK{brito,
	author = "Brito, Allan",
	title = "Blender 3D: jogos e animações interativas",
	publisher = "Novatec",
	address = "São Paulo", 
	year = "2011"
}

@BOOK{gregory,
	author = "Gregory, Jason",
	title = "Game engine architecture",
	publisher = "A. K. Peters, Ltd",
	address = "Wellesley, Massachusetts", 
	year = "2011"
}

@BOOK{eberly,
	author = "Eberly, David H.",
	title = "3D game engine design: a practical approach to real-time computer graphics",
	publisher = "Morgan Kaufmann",
	address = "São Francisco", 
	year = "2001"
}

@BOOK{shreiner,
	author = "Shreiner, Dave Sellers",
	title = "OpenGL Programming Guide 8th Edition: The Official Guide to Learning OpenGL",
	publisher = "Addison-Wesley",
	address = "New Jersey", 
	year = "2013"
}

@BOOK{sellers,
	author = "Sellers, Graham",
	title = "OpenGL SuperBible 5th Edition: Comprehensive Tutorial and Reference",
	publisher = "Addison-Wesley",
	address = "New Jersey", 
	year = "2011"
}

@BOOK{hiebert,
	author = "Hiebert, Garin",
	title = "OpenAL Programmer's Guide",
	year = "2007"
}

@BOOK{jamesboer,
	author = "Boer, James",
	title = "Game Audio Programming",
	publisher = "Charles River Media, Inc",
	address = "Hingham Massachusetts", 
	year = "2003"
}